@article{dantzig1959truck,
  title={The truck dispatching problem},
  author={Dantzig, George B and Ramser, John H},
  journal={Management science},
  volume={6},
  number={1},
  pages={80--91},
  year={1959},
  publisher={Informs}
}

@article{pisinger2007general,
  title={A general heuristic for vehicle routing problems},
  author={Pisinger, David and Ropke, Stefan},
  journal={Computers \& operations research},
  volume={34},
  number={8},
  pages={2403--2435},
  year={2007},
  publisher={Elsevier}
}

@incollection{prins2009grasp,
  title={A GRASP$\times$ evolutionary local search hybrid for the vehicle routing problem},
  author={Prins, Christian},
  booktitle={Bio-inspired algorithms for the vehicle routing problem},
  pages={35--53},
  year={2009},
  publisher={Springer}
}

@article{glover1986future,
  title={Future paths for integer programming and links to artificial intelligence},
  author={Glover, Fred},
  journal={Computers \& operations research},
  volume={13},
  number={5},
  pages={533--549},
  year={1986},
  publisher={Elsevier}
}

@article{christofides1976vehicle,
  title={The vehicle routing problem},
  author={Christofides, Nicos},
  journal={Revue fran{\c{c}}aise d'automatique, informatique, recherche op{\'e}rationnelle. Recherche op{\'e}rationnelle},
  volume={10},
  number={V1},
  pages={55--70},
  year={1976},
  publisher={EDP Sciences}
}

@article{reimann2004d,
  title={D-ants: Savings based ants divide and conquer the vehicle routing problem},
  author={Reimann, Marc and Doerner, Karl and Hartl, Richard F},
  journal={Computers \& Operations Research},
  volume={31},
  number={4},
  pages={563--591},
  year={2004},
  publisher={Elsevier}
}

@inproceedings{rigo2006pypy,
  title={PyPy's approach to virtual machine construction},
  author={Rigo, Armin and Pedroni, Samuele},
  booktitle={Companion to the 21st ACM SIGPLAN symposium on Object-oriented programming systems, languages, and applications},
  pages={944--953},
  year={2006}
}

@article{mcnabb2015testing,
  title={Testing local search move operators on the vehicle routing problem with split deliveries and time windows},
  author={McNabb, Marcus E and Weir, Jeffery D and Hill, Raymond R and Hall, Shane N},
  journal={Computers \& Operations Research},
  volume={56},
  pages={93--109},
  year={2015},
  publisher={Elsevier}
}
